<?xml version="1.0" encoding="UTF-8"?><collection xmlns="http://www.loc.gov/MARC21/slim"><record><leader>00459nam--2200157-i-4500</leader><controlfield tag="001">000034872</controlfield><controlfield tag="002">20161230</controlfield><controlfield tag="005">20170302180002</controlfield><controlfield tag="008">060222s1000------------r-----000-0-eng-d</controlfield><datafield ind1=" " ind2=" " tag="100"><subfield code="a">Aznauryan, I. G</subfield></datafield><datafield ind1=" " ind2=" " tag="245"><subfield code="a">On Final-state Interaction In Reaction In The (1236)-resonance Region</subfield></datafield><datafield ind1=" " ind2=" " tag="260"><subfield code="a">Yerevan</subfield><subfield code="b">Yerevan Physics Institute</subfield><subfield code="c">1975</subfield></datafield><datafield ind1=" " ind2=" " tag="300"><subfield code="a">18 p. + 2 Fig</subfield></datafield><datafield ind1=" " ind2=" " tag="700"><subfield code="a">Nagorskaya, I. A</subfield></datafield><datafield ind1=" " ind2=" " tag="852"><subfield code="a">539.12.162.7(047)</subfield></datafield><datafield ind1=" " ind2=" " tag="CAT"><subfield code="a">SYS</subfield><subfield code="c">20170302</subfield><subfield code="h">180002</subfield></datafield></record></collection>